<?xml version="1.0" encoding="UTF-8"?>
  <record xmlns="http://www.loc.gov/MARC21/slim" type="Authority">
    <leader>00000nz  a2200000nc 4500</leader>
    <controlfield tag="001">124521983</controlfield>
    <controlfield tag="003">DE-101</controlfield>
    <controlfield tag="005">20201218160843.0</controlfield>
    <controlfield tag="008">030319n||aznnnaabn           | aaa    |c</controlfield>
    <datafield tag="024" ind1="7" ind2=" ">
      <subfield code="a">124521983</subfield>
      <subfield code="0">http://d-nb.info/gnd/124521983</subfield>
      <subfield code="2">gnd</subfield>
    </datafield>
    <datafield tag="035" ind1=" " ind2=" ">
      <subfield code="a">(DE-101)124521983</subfield>
    </datafield>
    <datafield tag="035" ind1=" " ind2=" ">
      <subfield code="a">(DE-588)124521983</subfield>
    </datafield>
    <datafield tag="035" ind1=" " ind2=" ">
      <subfield code="z">(DE-588a)124521983</subfield>
      <subfield code="9">v:zg</subfield>
    </datafield>
    <datafield tag="035" ind1=" " ind2=" ">
      <subfield code="z">(DE-588a)119877929</subfield>
    </datafield>
    <datafield tag="040" ind1=" " ind2=" ">
      <subfield code="a">DE-12</subfield>
      <subfield code="c">DE-12</subfield>
      <subfield code="9">r:DE-12</subfield>
      <subfield code="b">ger</subfield>
      <subfield code="d">9999</subfield>
    </datafield>
    <datafield tag="042" ind1=" " ind2=" ">
      <subfield code="a">gnd1</subfield>
    </datafield>
    <datafield tag="043" ind1=" " ind2=" ">
      <subfield code="c">XA-DE</subfield>
    </datafield>
    <datafield tag="075" ind1=" " ind2=" ">
      <subfield code="b">p</subfield>
      <subfield code="2">gndgen</subfield>
    </datafield>
    <datafield tag="075" ind1=" " ind2=" ">
      <subfield code="b">piz</subfield>
      <subfield code="2">gndspec</subfield>
    </datafield>
    <datafield tag="079" ind1=" " ind2=" ">
      <subfield code="a">g</subfield>
      <subfield code="q">a</subfield>
      <subfield code="q">f</subfield>
    </datafield>
    <datafield tag="100" ind1="1" ind2=" ">
      <subfield code="a">Ziegler, Michael</subfield>
      <subfield code="d">1563-1615</subfield>
    </datafield>
    <datafield tag="375" ind1=" " ind2=" ">
      <subfield code="a">1</subfield>
      <subfield code="2">iso5218</subfield>
    </datafield>
    <datafield tag="400" ind1="1" ind2=" ">
      <subfield code="a">Zieglerus, Michael</subfield>
      <subfield code="d">1563-1615</subfield>
    </datafield>
    <datafield tag="500" ind1="1" ind2=" ">
      <subfield code="0">(DE-101)1076764517</subfield>
      <subfield code="0">(DE-588)1076764517</subfield>
      <subfield code="0">https://d-nb.info/gnd/1076764517</subfield>
      <subfield code="a">Voltz, Justina</subfield>
      <subfield code="d">1572-1635</subfield>
      <subfield code="4">bezf</subfield>
      <subfield code="4">https://d-nb.info/standards/elementset/gnd#familialRelationship</subfield>
      <subfield code="w">r</subfield>
      <subfield code="i">Beziehung familiaer</subfield>
      <subfield code="e">Beziehung familiaer</subfield>
      <subfield code="9">v:Ehefrau</subfield>
    </datafield>
    <datafield tag="500" ind1="1" ind2=" ">
      <subfield code="a">Fleiner, Johannes Leonhard</subfield>
      <subfield code="4">beza</subfield>
      <subfield code="4">https://d-nb.info/standards/elementset/gnd#acquaintanceshipOrFriendship</subfield>
      <subfield code="w">r</subfield>
      <subfield code="i">Bekanntschaft</subfield>
      <subfield code="e">Bekanntschaft</subfield>
      <subfield code="9">v:VD-16 Mitverf.</subfield>
    </datafield>
    <datafield tag="500" ind1="1" ind2=" ">
      <subfield code="a">Lantz, Thomas</subfield>
      <subfield code="4">beza</subfield>
      <subfield code="4">https://d-nb.info/standards/elementset/gnd#acquaintanceshipOrFriendship</subfield>
      <subfield code="w">r</subfield>
      <subfield code="i">Bekanntschaft</subfield>
      <subfield code="e">Bekanntschaft</subfield>
      <subfield code="9">v:VD-16 Mitverf.</subfield>
    </datafield>
    <datafield tag="500" ind1="1" ind2=" ">
      <subfield code="0">(DE-101)100547133</subfield>
      <subfield code="0">(DE-588)100547133</subfield>
      <subfield code="0">https://d-nb.info/gnd/100547133</subfield>
      <subfield code="a">Lejus, Conrad</subfield>
      <subfield code="d">1548-1612</subfield>
      <subfield code="4">beza</subfield>
      <subfield code="4">https://d-nb.info/standards/elementset/gnd#acquaintanceshipOrFriendship</subfield>
      <subfield code="w">r</subfield>
      <subfield code="i">Bekanntschaft</subfield>
      <subfield code="e">Bekanntschaft</subfield>
      <subfield code="9">v:VD-16 Mitverf.</subfield>
    </datafield>
    <datafield tag="500" ind1="1" ind2=" ">
      <subfield code="0">(DE-101)124744346</subfield>
      <subfield code="0">(DE-588)124744346</subfield>
      <subfield code="0">https://d-nb.info/gnd/124744346</subfield>
      <subfield code="a">Voltz, Valentin</subfield>
      <subfield code="d">1534-1581</subfield>
      <subfield code="4">bezf</subfield>
      <subfield code="4">https://d-nb.info/standards/elementset/gnd#familialRelationship</subfield>
      <subfield code="w">r</subfield>
      <subfield code="i">Beziehung familiaer</subfield>
      <subfield code="e">Beziehung familiaer</subfield>
      <subfield code="9">v:Schwiegervater</subfield>
    </datafield>
    <datafield tag="500" ind1="1" ind2=" ">
      <subfield code="0">(DE-101)128560940</subfield>
      <subfield code="0">(DE-588)128560940</subfield>
      <subfield code="0">https://d-nb.info/gnd/128560940</subfield>
      <subfield code="a">Ziegler, Johann Walter</subfield>
      <subfield code="d">1596-1623</subfield>
      <subfield code="4">bezf</subfield>
      <subfield code="4">https://d-nb.info/standards/elementset/gnd#familialRelationship</subfield>
      <subfield code="w">r</subfield>
      <subfield code="i">Beziehung familiaer</subfield>
      <subfield code="e">Beziehung familiaer</subfield>
      <subfield code="9">v:Sohn</subfield>
    </datafield>
    <datafield tag="500" ind1="1" ind2=" ">
      <subfield code="0">(DE-101)1077068832</subfield>
      <subfield code="0">(DE-588)1077068832</subfield>
      <subfield code="0">https://d-nb.info/gnd/1077068832</subfield>
      <subfield code="a">Ziegler, David</subfield>
      <subfield code="d">1605-1635</subfield>
      <subfield code="4">bezf</subfield>
      <subfield code="4">https://d-nb.info/standards/elementset/gnd#familialRelationship</subfield>
      <subfield code="w">r</subfield>
      <subfield code="i">Beziehung familiaer</subfield>
      <subfield code="e">Beziehung familiaer</subfield>
      <subfield code="9">v:Sohn</subfield>
    </datafield>
    <datafield tag="548" ind1=" " ind2=" ">
      <subfield code="a">1563-1615</subfield>
      <subfield code="4">datl</subfield>
      <subfield code="4">https://d-nb.info/standards/elementset/gnd#dateOfBirthAndDeath</subfield>
      <subfield code="w">r</subfield>
      <subfield code="i">Lebensdaten</subfield>
    </datafield>
    <datafield tag="548" ind1=" " ind2=" ">
      <subfield code="a">01.06.1563-01.10.1615</subfield>
      <subfield code="4">datx</subfield>
      <subfield code="4">https://d-nb.info/standards/elementset/gnd#dateOfBirthAndDeath</subfield>
      <subfield code="w">r</subfield>
      <subfield code="i">Exakte Lebensdaten</subfield>
    </datafield>
    <datafield tag="550" ind1=" " ind2=" ">
      <subfield code="0">(DE-101)040031578</subfield>
      <subfield code="0">(DE-588)4003157-3</subfield>
      <subfield code="0">https://d-nb.info/gnd/4003157-3</subfield>
      <subfield code="a">Arzt</subfield>
      <subfield code="4">berc</subfield>
      <subfield code="4">https://d-nb.info/standards/elementset/gnd#professionOrOccupation</subfield>
      <subfield code="w">r</subfield>
      <subfield code="i">Charakteristischer Beruf</subfield>
    </datafield>
    <datafield tag="551" ind1=" " ind2=" ">
      <subfield code="0">(DE-101)04037601X</subfield>
      <subfield code="0">(DE-588)4037601-1</subfield>
      <subfield code="0">https://d-nb.info/gnd/4037601-1</subfield>
      <subfield code="a">Markgröningen</subfield>
      <subfield code="4">ortg</subfield>
      <subfield code="4">https://d-nb.info/standards/elementset/gnd#placeOfBirth</subfield>
      <subfield code="w">r</subfield>
      <subfield code="i">Geburtsort</subfield>
    </datafield>
    <datafield tag="551" ind1=" " ind2=" ">
      <subfield code="0">(DE-101)040611477</subfield>
      <subfield code="0">(DE-588)4061147-4</subfield>
      <subfield code="0">https://d-nb.info/gnd/4061147-4</subfield>
      <subfield code="a">Tübingen</subfield>
      <subfield code="4">orts</subfield>
      <subfield code="4">https://d-nb.info/standards/elementset/gnd#placeOfDeath</subfield>
      <subfield code="w">r</subfield>
      <subfield code="i">Sterbeort</subfield>
    </datafield>
    <datafield tag="667" ind1=" " ind2=" ">
      <subfield code="a">12</subfield>
    </datafield>
    <datafield tag="667" ind1=" " ind2=" ">
      <subfield code="a">VD-17</subfield>
    </datafield>
    <datafield tag="667" ind1=" " ind2=" ">
      <subfield code="a">VD-16</subfield>
    </datafield>
    <datafield tag="672" ind1=" " ind2="0">
      <subfield code="a">Disputatio PHILOSOPHICA, DE METEORIS IGNITIS: Quam D. O. M. A. SVB PRAESIDIO ... ...  1599.  (VD16 ZV 21731)</subfield>
    </datafield>
    <datafield tag="672" ind1=" " ind2="0">
      <subfield code="a">Disputatio Physica, DE PRIMIS RERVM NATVRALIVM PRINCIPIIS. Quam, ... Consensu Inclyti ...  1599.  (VD16 ZV 21732)</subfield>
    </datafield>
    <datafield tag="672" ind1=" " ind2="0">
      <subfield code="a">Disputatio PHYSICA, DE VISV, QVAM</subfield>
    </datafield>
    <datafield tag="672" ind1=" " ind2="0">
      <subfield code="a">... PRAESIDE M. MICHAELE ZIEGLERO, NATVRALIS ...  1596.  (VD16 ZV 15665)</subfield>
    </datafield>
    <datafield tag="672" ind1=" " ind2="0">
      <subfield code="a">DISPVTATIO ETHICA, DE TEMPERANTIA, ex libris Ethicor. Aristotelis Nicomach. QVAM, ... ...  1597.  (VD16 ZV 15666)</subfield>
    </datafield>
    <datafield tag="672" ind1=" " ind2="0">
      <subfield code="a">DISPVTATIO PHILOSOPHICA DE IVSTITIA, QVAM, Diuino fretus auxilio: PRAESIDE ...  1596.  (VD16 Z 455)</subfield>
    </datafield>
    <datafield tag="672" ind1=" " ind2="0">
      <subfield code="a">\=GGYMNASIA\=g LOGICA, DE QVINQVE PRAEdicabilibus: QVAE, ... PRAESIDENTE ... ...  1597.  (VD16 Z 456)</subfield>
    </datafield>
    <datafield tag="672" ind1=" " ind2="0">
      <subfield code="a">QVAESTIONES ET POSITIONES QVAEDAM Astronomicae, AD QVAS Ch. O. M. A. Patrocinante ...  1599.  (VD16 ZV 18063)</subfield>
    </datafield>
    <datafield tag="672" ind1=" " ind2="0">
      <subfield code="a">Machtolf, Johann Conrad: Laurea Philosophica, Prima, Collata Ritu Veteri, ... . - 1604</subfield>
    </datafield>
    <datafield tag="678" ind1=" " ind2=" ">
      <subfield code="b">Schulbesuch in Markgröningen und Stuttgart, imm. Tübingen 1582, Bacc. art. 1583, Mag. art. 1586. Anschließend in Österreich als Hofmeister. Studium der Medizin in Straßburg, 1589 wieder immatrik. in Tübingen. 1592-1607 Professor der griechischen Sprache, 1594-1615 ord. Prof. der Metaphysik. Pädagogarch, Präses bei den Disputationen der Bakkalaureaten. 1597 Dr.med., 1597/98 Dekan der Artistenfakultät, ebenso 1604/05, 1609/10 und 1612. 1604/05 Rector contubernii vertretungsweise, 1607-1615 Professor logices. 2 Leichenpredigten: a) gehalten von Matth. Hafenreffer (UB L XVI 140.4 angeb.) und b) von Johann Ludwig Mögling (L XVI 96.4)</subfield>
    </datafield>
    <datafield tag="913" ind1=" " ind2=" ">
      <subfield code="S">pnd</subfield>
      <subfield code="i">a</subfield>
      <subfield code="a">Ziegler, Michael</subfield>
      <subfield code="0">(DE-588a)124521983</subfield>
    </datafield>
  </record>
